<?xml version="1.0" encoding="UTF-8"?><record xmlns="http://www.loc.gov/MARC21/slim" xmlns:cinclude="http://apache.org/cocoon/include/1.0" xmlns:zs="http://www.loc.gov/zing/srw/">
  <leader>00469nz  a2200133n  4500</leader>
  <controlfield tag="001">n  81055926 </controlfield>
  <controlfield tag="003">DLC</controlfield>
  <controlfield tag="005">19840322000000.0</controlfield>
  <controlfield tag="008">810611n| acannaab|          |a aaa |||  </controlfield>
  <datafield tag="010" ind1=" " ind2=" ">
    <subfield code="a">n  81055926 </subfield>
  </datafield>
  <datafield tag="040" ind1=" " ind2=" ">
    <subfield code="a">DLC</subfield>
    <subfield code="c">DLC</subfield>
  </datafield>
  <datafield tag="100" ind1="1" ind2="0">
    <subfield code="a">Levin, G. M.</subfield>
    <subfield code="q">(Gennadiĭ Moiseevich)</subfield>
  </datafield>
  <datafield tag="400" ind1="1" ind2="0">
    <subfield code="a">Levin, Gennadiĭ Moiseevich</subfield>
  </datafield>
  <datafield tag="670" ind1=" " ind2=" ">
    <subfield code="a">Gili︠a︡zetdinov, L. P. Folʹga dli︠a︡ gori︠u︡chego tisnenii︠a︡, 1981 (a.e.)</subfield>
    <subfield code="b">t.p. (G. M. Levin) colophon (Gennadiĭ Moiseevich Levin)</subfield>
  </datafield>
</record>